% $Id$

@Book{BF01,
  Author="Moshe Bar and Karl Franz Fogel",
  Title="Open Source Development with CVS",
  Publisher="The Coriolis Group",
  Address="Scottsdale, AZ",
  Year="2001"
}

@Book{CS95b,
  Author="Micheal A. Cusumano and Richard W. Selby",
  Title="Microsoft Secrets",
  Publisher="The Free press",
  Year="1995"
}

@Book{HM01,
  Author="Elliotte Rusty Harold and W. Scott Means",
  Title="XML in a nuttshell",
  Publisher="O'Reilly and Associates",
  Address="Sebastopol, CA",
  Year="2001"
}

@Book{Lam94,
  Author="Leslie Lamport",
  Title="LATEX: A Document Preparation System, 2nd Edition",
  Publisher="Addison-Wesley",
  Address="Reading, MA",
  Year="1994"
}

@Book{OTT91,
  Author="Andrew Oram and Steve Talbott",
  Title="Managing projects with make, 2nd Edition",
  Publisher="O'Reilly and Associates",
  Address="Sebastopol, CA",
  Year="1991"
}

@InProceedings{SG97,
  Author="Diomidis Spinellis and V. Guruprasad",
  Title="Lightweight languages as software engineering tools",
  Organization="Usenix Association",
  Booktitle="{USENIX} Conference on Domain-Specific Languages",
  Year="1997",
  Month=oct,
  Address="Berkeley, CA",
  pages="67--76",
  editor="J. Christopher Ramming"
}
