%
% Templates for each type.
%
% $Id$
%

@Article	{
	Title="Required",
	Author="Required",
	Journal="Required",
	Volume="Optional",
	Number="Optional",
	Pages="Optional",
	Month="Optional",
	Year="Required",
	XEmember="Required: m_member1 m_member2",
	XEgroup="Required: g_group1 g_group2",
	URL="Optional",
	URL="Optional",
	Note="Optional"
	}

@Book	{
	Title="Required",
	Edition="Optional",
	Series="Optional",
	Volume="Optional",
	Author="Required or Editor",
	Editor="Required or Author",
	Publisher="Required",
	Address="Optional",
	Month="Optional",
	Year="Required",
	XEmember="Required: m_member1 m_member2",
	XEgroup="Required: g_group1 g_group2",
	URL="Optional",
	Note="Optional",
	ISBN="Optional"
	}

@Booklet{
	Address="Optional",
	Author="Optional",
	HowPublished="Optional",
	Key="Optional (needed if no Author)",
	Month="Optional",
	Note="Optional",
	Title="Required",
	Year="Optional"
	XEmember="Required: m_member1 m_member2",
	XEgroup="Required: g_group1 g_group2",
	URL="Optional",
	}

@InBook	{
	Address="Optional",
	Author="Required or Editor",
	Chapter="Required or Pages",
	Edition="Optional",
	Editor="Required or Author",
	Month="Optional",
	Note="Optional",
	Pages="Required or Chapter",
	Publisher="Required",
	Series="Optional",
	Title="Required",
	Volume="Optional",
	Year="Required"
	XEmember="Required: m_member1 m_member2",
	XEgroup="Required: g_group1 g_group2",
	URL="Optional",
	}

@InCollection	{
	Author="Required",
	Title="Required",
	Chapter="Optional",
	Pages="Required",
	Editor="Optional",
	Booktitle="Required",
	Publisher="Required",
	Address="Optional",
	Month="Optional",
	Year="Required",
	XEmember="Required: m_member1 m_member2",
	XEgroup="Required: g_group1 g_group2",
	URL="Optional",
	Note="Optional"
	}

@InProceedings	{
	Title="Required",
	Author="Required",
	Booktitle="Required",
	Location="Optional",
	Month="Optional",
	Year="Required",
	XEmember="Required: m_member1 m_member2",
	XEgroup="Required: g_group1 g_group2",
	URL="Optional",
	Organization="Optional",
	Pages="Optional",
	Editor="Optional",
	Address="Optional",
	Publisher="Optional",
	Note="Optional",
	URL="Optional"
	}

@Manual	{
	Address="Optional",
	Annote="Annotation",
	Author="Optional",
	Edition="Optional",
	Key="Optional (needed if no Author)",
	Month="Optional",
	Note="Optional",
	Organization="Optional",
	Title="Required",
	Year="Optional"
	XEmember="Required: m_member1 m_member2",
	XEgroup="Required: g_group1 g_group2",
	URL="Optional",
	}

@MastersThesis	{
	Address="Optional",
	Author="Required",
	Month="Optional",
	Note="Optional",
	School="Required",
	Title="Required",
	Year="Required"
	XEmember="Required: m_member1 m_member2",
	XEgroup="Required: g_group1 g_group2",
	URL="Optional",
	}

@Misc	{
	Author="Optional",
	HowPublished="Optional",
	Key="Optional (needed if no Author)",
	Month="Optional",
	Note="Optional",
	Title="Optional",
	Year="Optional"
	XEmember="Required: m_member1 m_member2",
	XEgroup="Required: g_group1 g_group2",
	URL="Optional",
	}

@PhDThesis	{
	Address="Optional",
	Author="Required",
	Month="Optional",
	Note="Optional",
	School="Required",
	Title="Required",
	Year="Required"
	XEmember="Required: m_member1 m_member2",
	XEgroup="Required: g_group1 g_group2",
	URL="Optional",
	}

@Proceedings	{
	Title="Required",
	Editor="Optional",
	Note="Optional",
	Organization="Optional",
	Location="Optional",
	Publisher="Optional",
	Month="Optional",
	Year="Required"
	XEmember="Required: m_member1 m_member2",
	XEgroup="Required: g_group1 g_group2",
	URL="Optional",
	}

@TechReport	{
	Author="Required",
	Title="Required",
	Note="Optional",
	Type="Optional",
	Number="Optional",
	Month="Optional",
	Year="Required",
	XEmember="Required: m_member1 m_member2",
	XEgroup="Required: g_group1 g_group2",
	URL="Optional",
	Institution="Required",
	Address="Optional"
	}

@Unpublished	{
	Author="Required",
	Month="Optional",
	Note="Required",
	Title="Required",
	Year="Optional"
	XEmember="Required: m_member1 m_member2",
	XEgroup="Required: g_group1 g_group2",
	URL="Optional",
	}
